@misc{NMHS,
  author = {TRUNG TÂM DỰ BÁO KHÍ TƯỢNG THỦY VĂN QUỐC GIA},
  journal   = {Quyết định số 1600/2023/QĐ-BTNMT Quy định chức năng, nhiệm vụ, quyền hạn và cơ cấu tổ chức của Trung tâm Dự báo khí tượng thuỷ văn trực thuộc Tổng cục Khí tượng Thuỷ văn},
  publisher = {TRUNG TÂM DỰ BÁO KHÍ TƯỢNG THỦY VĂN QUỐC GIA},
  year      = {2203},
  month     = {Jun}
} 

@book{latisen1998,
    author    = {Latisen, G. and Vossen, G.},
    title     = {Models and Languages of Object-Oriented Databases},
    publisher = {Addison Wesley},
    year      = {1998},
    pages     = {4, 7},
}

@book{elmasri1998,
    author    = {Elmasri, Ramez A. and Navathe, Shamkant},
    title     = {Fundamentals of Database Systems},
    edition   = {Third},
    publisher = {Addison Wesley},
    year      = {1998},
    pages     = {4, 8-11, 57},
}

@inproceedings{stonebraker2005onesize,
    author    = {Stonebraker, Michael and Çetintemel, Uğur},
    title     = {'One Size Fits All': An Idea Whose Time Has Come and Gone},
    booktitle = {Proceedings of the 21st International Conference on Data Engineering (ICDE)},
    year      = {2005},
    month     = {April},
}

@misc{barnes1980,
  author       = {Barnes, Stanley L.},
  title        = {UF Documentation, 1980},
  year         = {1980},
  howpublished = {\url{https://www.eol.ucar.edu/sites/default/files/files_live/private/UfDoc.txt}}
}

@misc{ncarformat,
  author = {{National Center for Atmospheric Research (NCAR)}},
  title  = {Earth Observing Laboratory. Standard data formats},
  year   = {2023},
  url    = {https://www.eol.ucar.edu/content/standard-data-formats}
}

@misc{netcdf,
  doi       = {10.5065/D6H70CW6},
  url       = {http://www.unidata.ucar.edu/software/netcdf/},
  author    = {Rew,  Russ and Davis,  Glenn and Emmerson,  Steve and Cormack,  Cathy and Caron,  John and Pincus,  Robert and Hartnett,  Ed and Heimbigner,  Dennis and Appel,  Lynton and Fisher,  Ward},
  keywords  = {Software,  Free computer software,  Open source software,  Systems software,  Application program interfaces,  Metadata},
  language  = {en},
  title     = {Unidata NetCDF},
  publisher = {UCAR/NCAR - Unidata},
  year      = {1989},
  copyright = {UCAR/Unidata Open Source Software License}
}

@misc{ogcnetcdf,
  title        = {OGC standard netCDF Classic and 64-bit Offset},
  howpublished = {\url{https://www.opengeospatial.org/standards/netcdf}},
  note         = {Archived from the original on 2017-11-30. Retrieved 2017-12-05},
  year         = {Accessed: 2017-12-05}
}

@article{CHATFIELD19865,
  title    = {Exploratory data analysis},
  journal  = {European Journal of Operational Research},
  volume   = {23},
  number   = {1},
  pages    = {5-13},
  year     = {1986},
  issn     = {0377-2217},
  doi      = {https://doi.org/10.1016/0377-2217(86)90209-2},
  url      = {https://www.sciencedirect.com/science/article/pii/0377221786902092},
  author   = {Chris Chatfield},
  keywords = {Descriptive statistics, stem-and-leaf plot, box plot, tables, model formulation, regression, forecasting, queueing, stock control},
  abstract = {It is usually wise to begin any statistical analysis with an informal, exploratory examination of the data, and this is often called exploratory data analysis (abbreviated EDA). The ingredients of EDA are discussed, and two main objectives are delineated, namely data description and model-formulation. It is suggested that it is important to see EDA as an integral part of statistical inference, and several examples are presented to show how EDA is used in model-building in regard to such topics as queueing, reliability, stock control, regression and forecasting. Some drawbacks to Tukey's (1977) approach to EDA are discussed, and an alternative title is suggested, namely the initial examination of data (IDA).}
}

@article{helmus2016python,
  author  = {Helmus, Jonathan J. and Collis, Scott M.},
  title   = {The Python ARM Radar Toolkit (Py-ART), a Library for Working with Weather Radar Data in the Python Programming Language},
  journal = {Journal of Open Research Software},
  volume  = {4},
  number  = {1},
  pages   = {e25},
  year    = {2016},
  doi     = {10.5334/jors.119},
  url     = {http://doi.org/10.5334/jors.119}
}


@article{dataflow,
  title   = {The Dataflow Model: A Practical Approach to Balancing Correctness, Latency, and Cost in Massive-Scale, Unbounded, Out-of-Order Data Processing},
  author  = {Tyler Akidau and Robert Bradshaw and Craig Chambers and Slava Chernyak and Rafael J. Fernández-Moctezuma and Reuven Lax and Sam McVeety and Daniel Mills and Frances Perry and Eric Schmidt and Sam Whittle},
  year    = {2015},
  journal = {Proceedings of the VLDB Endowment},
  pages   = {1792-1803},
  volume  = {8}
}

@inproceedings{lrose,
  series     = {PEARC '21},
  title      = {The LROSE Science Gateway: One-Stop Shop for Weather Data, Analysis, and Expert Advice},
  url        = {http://dx.doi.org/10.1145/3437359.3465595},
  doi        = {10.1145/3437359.3465595},
  booktitle  = {Practice and Experience in Advanced Research Computing},
  publisher  = {ACM},
  author     = {Javornik, Brenda and Santiago III, Hector and DeHart, Jennifer C.},
  year       = {2021},
  month      = jul,
  collection = {PEARC '21}
}

@misc{lrose-topaz,
  author       = {Michael M. Bell, Michael Dixon, Wen-Chau Lee, Brenda Javornik, Jennifer DeHart, Ting-Yu Cha, and Alex DesRosiers},
  title        = {nsf-lrose/lrose-topaz: lrose-topaz-20220222},
  year         = {2022},
  organization = {Zenodo},
  doi          = {https://doi.org/10.5281/zenodo.6909479}
}

@misc{airflow,
  organization = {Airflow},
  url          = {https://airflow.apache.org/docs/apache-airflow/stable/index.html},
  title        = {What is Airflow?},
  note         = {Truy cập lần cuối ngày 16/12/2023}
} 

@article{vn_meteor_standard,
  author  = {Tổng cục Khí tượng Thủy văn},
  title   = {Quan trắc Khí tượng Thuỷ văn - Phần 12: Quan trắc ra đa thời tiết},
  journal = {TCVN 12636-12 : 2021},
  year    = {2021}
}

@manual{raw_product_format_vaisala,
  title        = {RAW Product Format -  IRIS Programming Guide - IRIS Radar},
  organization = {Vaisala},
  url          = {https://ftp.sigmet.vaisala.com/files/html_docs/IRIS-Programming-Guide-Webhelp/raw_product_format.html}
}

@misc{lrose_RadxConvert,
  title        = {RadxConvert - Lrose Wiki},
  organization = {Lrose},
  url          = {http://wiki.lrose.net/index.php/RadxConvert}
}

@misc{k8s-doc,
  organization = {Kubernetes},
  title        = {Overview},
  url          = {https://kubernetes.io/docs/concepts/overview/},
  note         = {Truy cập lần cuối ngày 17/12/2023}
}

@misc{k8s-comps,
  organization = {Kubernetes},
  title        = {},
  url          = {https://kubernetes.io/docs/tutorials/kubernetes-basics/expose/expose-intro/},
  note         = {Truy cập lần cuối ngày 17/12/2023}
}

@misc{2022Weather,
  note      = {[Truy cập lần cuối ngày 17/12/2023]},
  author    = {Roland Stull},
  year      = {2022},
  month     = {12},
  publisher = {University of British Columbia},
  title     = {Weather {Radars}}
}

@misc{stackexchange-ppi-rhi,
  organization = {StackExchange},
  author       = {casey},
  title        = {Using Range Height Indicator scan of radar},
  url          = {https://earthscience.stackexchange.com/questions/7222/using-range-height-indicator-scan-of-radar},
  note         = {Truy cập lần cuối ngày 17/12/2023}
}